@book{o1987art,
  title={Art gallery theorems and algorithms},
  author={O'rourke, Joseph},
  volume={57},
  year={1987},
  publisher={Oxford University Press Oxford}
}

@book{devadoss2011discrete,
	title={Discrete and computational geometry},
	author={Devadoss, Satyan L and O'Rourke, Joseph},
	year={2011},
	publisher={Princeton University Press}
}
